<collection xmlns="http://www.loc.gov/MARC21/slim">
<record>
  <leader>01371nam0a2200253 i 450 </leader>
  <controlfield tag="001">IT\ICCU\CNCE\006757</controlfield>
  <controlfield tag="005">20161004000000.0</controlfield>
  <datafield tag="012" ind1=" " ind2=" ">
    <subfield code="a">e,i- e,ue r-ue toro (3) 1600 (A)</subfield>
    <subfield code="2">fei</subfield>
  </datafield>
  <datafield tag="100" ind1=" " ind2=" ">
    <subfield code="a">19970101d1600        0itac0103    ba</subfield>
  </datafield>
  <datafield tag="101" ind1=" " ind2=" ">
    <subfield code="a">ITA</subfield>
  </datafield>
  <datafield tag="102" ind1=" " ind2=" ">
    <subfield code="a">IT</subfield>
  </datafield>
  <datafield tag="200" ind1="1" ind2=" ">
    <subfield code="a">Descrittione della famiglia e casa Bologna, nella citta&apos; di Palermo in Sicilia, ed in Napoli, che haue origine della famiglia Beccadella  della citt ̉di Bologna.Racolta da don Baldassare di Bologna di don Bernardino, dell&apos;istessa famiglia, l&apos;anno 1598</subfield>
  </datafield>
  <datafield tag="210" ind1=" " ind2=" ">
    <subfield code="e">In Palermo</subfield>
    <subfield code="g">per Gio. Antonio de Franceschi</subfield>
    <subfield code="h">1600</subfield>
  </datafield>
  <datafield tag="215" ind1=" " ind2=" ">
    <subfield code="a">65 \i.e. 56! p. tav.</subfield>
    <subfield code="d">4ʻ</subfield>
  </datafield>
  <datafield tag="620" ind1=" " ind2=" ">
    <subfield code="a">IT</subfield>
    <subfield code="d">Palermo</subfield>
  </datafield>
  <datafield tag="700" ind1=" " ind2="1">
    <subfield code="a">Bologna,</subfield>
    <subfield code="b">Baldassarre</subfield>
    <subfield code="3">IT\ICCU\CNCA\001810</subfield>
  </datafield>
  <datafield tag="712" ind1="0" ind2="0">
    <subfield code="a">De_Franceschi, Giovanni Antonio</subfield>
    <subfield code="3">IT\ICCU\CNCT\000304</subfield>
    <subfield code="4">650</subfield>
  </datafield>
  <datafield tag="791" ind1="0" ind2="0">
    <subfield code="a">Franceschi, Giovanni Antonio de</subfield>
    <subfield code="3">IT\ICCU\CNCT\004554</subfield>
    <subfield code="z">De_Franceschi, Giovanni Antonio</subfield>
  </datafield>
  <datafield tag="791" ind1="0" ind2="0">
    <subfield code="a">Franciscis, Ioannes Antonius de</subfield>
    <subfield code="3">IT\ICCU\CNCT\004555</subfield>
    <subfield code="z">De_Franceschi, Giovanni Antonio</subfield>
  </datafield>
  <datafield tag="791" ind1="0" ind2="0">
    <subfield code="a">Francisci, Giovanni Antonio de</subfield>
    <subfield code="3">IT\ICCU\CNCT\004557</subfield>
    <subfield code="z">De_Franceschi, Giovanni Antonio</subfield>
  </datafield>
  <datafield tag="791" ind1="0" ind2="0">
    <subfield code="a">Francisco, Giovanni Antonio de</subfield>
    <subfield code="3">IT\ICCU\CNCT\004558</subfield>
    <subfield code="z">De_Franceschi, Giovanni Antonio</subfield>
  </datafield>
  <datafield tag="801" ind1=" " ind2="3">
    <subfield code="a">IT</subfield>
    <subfield code="b">ICCU</subfield>
    <subfield code="c">20201113</subfield>
  </datafield>
  <datafield tag="899" ind1=" " ind2=" ">
    <subfield code="a">Biblioteca comunale. Palermo</subfield>
    <subfield code="1">PA0063</subfield>
    <subfield code="2">PA1 CP</subfield>
  </datafield>
  <datafield tag="899" ind1=" " ind2=" ">
    <subfield code="a">Biblioteca centrale della Regione siciliana Alberto Bombace. Palermo</subfield>
    <subfield code="1">PA0064</subfield>
    <subfield code="2">PAL BP</subfield>
  </datafield>
</record>
</collection>
